@InProceedings{lattner04llvm,
  author    = {Chris Lattner and Vikram Adve},
  title     = "{LLVM: A Compilation Framework for Lifelong Program Analysis \& Transformation}",
  booktitle = "{Proceedings of the 2004 Int'l Symposium on Code Generation and Optimization (CGO'04)}",
  address   = {Palo Alto, CA},
  month     = {Mar},
  year      = {2004}
}

